
@article{wilman2014,
	title = {EltonTraits 1.0: Species-level foraging attributes of the world's birds and mammals: {\emph{Ecological Archives}} E095-178},
	author = {{Wilman}, {Hamish} and {Belmaker}, {Jonathan} and {Simpson}, {Jennifer} and {de la Rosa}, {Carolina} and {Rivadeneira}, {Marcelo M.} and {Jetz}, {Walter}},
	year = {2014},
	month = {07},
	date = {2014-07},
	journal = {Ecology},
	pages = {2027--2027},
	volume = {95},
	number = {7},
	doi = {10.1890/13-1917.1},
	url = {http://doi.wiley.com/10.1890/13-1917.1},
	langid = {en}
}

@article{oliveira2017,
	title = {AmphiBIO, a global database for amphibian ecological traits},
	author = {{Oliveira}, {Brunno Freire} and {São-Pedro}, {Vinícius Avelar} and {Santos-Barrera}, {Georgina} and {Penone}, {Caterina} and {Costa}, {Gabriel C.}},
	year = {2017},
	month = {09},
	date = {2017-09-05},
	journal = {Scientific Data},
	pages = {170123},
	volume = {4},
	number = {1},
	doi = {10.1038/sdata.2017.123},
	url = {https://www.nature.com/articles/sdata2017123},
	note = {Number: 1
Publisher: Nature Publishing Group},
	langid = {en}
}

@article{blowes2019,
	title = {The geography of biodiversity change in marine and terrestrial assemblages},
	author = {{Blowes}, {Shane A.} and {Supp}, {Sarah R.} and {Antão}, {Laura H.} and {Bates}, {Amanda} and {Bruelheide}, {Helge} and {Chase}, {Jonathan M.} and {Moyes}, {Faye} and {Magurran}, {Anne} and {McGill}, {Brian} and {Myers-Smith}, {Isla H.} and {Winter}, {Marten} and {Bjorkman}, {Anne D.} and {Bowler}, {Diana E.} and {Byrnes}, {Jarrett E. K.} and {Gonzalez}, {Andrew} and {Hines}, {Jes} and {Isbell}, {Forest} and {Jones}, {Holly P.} and {Navarro}, {Laetitia M.} and {Thompson}, {Patrick L.} and {Vellend}, {Mark} and {Waldock}, {Conor} and {Dornelas}, {Maria}},
	year = {2019},
	month = {10},
	date = {2019-10-18},
	journal = {Science},
	pages = {339--345},
	volume = {366},
	number = {6463},
	doi = {10.1126/science.aaw1620},
	url = {https://science.sciencemag.org/content/366/6463/339},
	note = {PMID: 31624208},
	langid = {en}
}

@article{brose2016,
	title = {Biodiversity and ecosystem functioning in dynamic landscapes},
	author = {{Brose}, {Ulrich} and {Hillebrand}, {Helmut}},
	year = {2016},
	month = {05},
	date = {2016-05-19},
	journal = {Philosophical Transactions of the Royal Society B: Biological Sciences},
	pages = {20150267},
	volume = {371},
	number = {1694},
	doi = {10.1098/rstb.2015.0267},
	url = {http://rstb.royalsocietypublishing.org/lookup/doi/10.1098/rstb.2015.0267},
	langid = {en}
}

@article{gotelli2017,
	title = {Community-level regulation of temporal trends in biodiversity},
	author = {{Gotelli}, {Nicholas J.} and {Shimadzu}, {Hideyasu} and {Dornelas}, {Maria} and {McGill}, {Brian} and {Moyes}, {Faye} and {Magurran}, {Anne E.}},
	year = {2017},
	month = {07},
	date = {2017-07-01},
	journal = {Science Advances},
	volume = {3},
	number = {7},
	doi = {10.1126/sciadv.1700315},
	url = {http://advances.sciencemag.org/content/3/7/e1700315.abstract}
}

@article{brown2001,
	title = {Regulation of Diversity: Maintenance of Species Richness in Changing Environments},
	author = {{Brown}, {James H.} and {Ernest}, {S. K. Morgan} and {Parody}, {Jennifer M.} and {Haskell}, {John P.}},
	year = {2001},
	date = {2001},
	journal = {Oecologia},
	pages = {321--332},
	volume = {126},
	number = {3},
	url = {http://www.jstor.org/stable/4222853}
}

@article{dornelas2014,
	title = {Assemblage Time Series Reveal Biodiversity Change but Not Systematic Loss},
	author = {{Dornelas}, {M.} and {Gotelli}, {N. J.} and {McGill}, {B.} and {Shimadzu}, {H.} and {Moyes}, {F.} and {Sievers}, {C.} and {Magurran}, {A. E.}},
	year = {2014},
	month = {04},
	date = {2014-04-18},
	journal = {Science},
	pages = {296--299},
	volume = {344},
	number = {6181},
	doi = {10.1126/science.1248484},
	url = {http://www.sciencemag.org/cgi/doi/10.1126/science.1248484},
	langid = {en}
}

@article{vellend2013,
	title = {Global meta-analysis reveals no net change in local-scale plant biodiversity over time},
	author = {{Vellend}, {Mark} and {Baeten}, {Lander} and {Myers-Smith}, {Isla H.} and {Elmendorf}, {Sarah C.} and {Beauséjour}, {Robin} and {Brown}, {Carissa D.} and {Frenne}, {Pieter De} and {Verheyen}, {Kris} and {Wipf}, {Sonja}},
	year = {2013},
	month = {11},
	date = {2013-11-26},
	journal = {Proceedings of the National Academy of Sciences},
	pages = {19456--19459},
	volume = {110},
	number = {48},
	doi = {10.1073/pnas.1312779110},
	url = {http://www.pnas.org/content/110/48/19456},
	note = {PMID: 24167259},
	langid = {en}
}

@article{vellend2017,
	title = {Estimates of local biodiversity change over time stand up to scrutiny},
	author = {{Vellend}, {Mark} and {Dornelas}, {Maria} and {Baeten}, {Lander} and {Beauséjour}, {Robin} and {Brown}, {Carissa D.} and {Frenne}, {Pieter De} and {Elmendorf}, {Sarah C.} and {Gotelli}, {Nicholas J.} and {Moyes}, {Faye} and {Myers{-}Smith}, {Isla H.} and {Magurran}, {Anne E.} and {McGill}, {Brian J.} and {Shimadzu}, {Hideyasu} and {Sievers}, {Caya}},
	year = {2017},
	date = {2017},
	journal = {Ecology},
	pages = {583--590},
	volume = {98},
	number = {2},
	doi = {10.1002/ecy.1660},
	url = {https://esajournals.onlinelibrary.wiley.com/doi/abs/10.1002/ecy.1660},
	langid = {en}
}

@article{mcgill2006,
	title = {Rebuilding community ecology from functional traits},
	author = {{Mcgill}, {B} and {Enquist}, {B} and {Weiher}, {E} and {Westoby}, {M}},
	year = {2006},
	month = {04},
	date = {2006-04},
	journal = {Trends in Ecology & Evolution},
	pages = {178--185},
	volume = {21},
	number = {4},
	doi = {10.1016/j.tree.2006.02.002},
	url = {http://linkinghub.elsevier.com/retrieve/pii/S0169534706000334},
	langid = {en}
}

@article{trindade-santos2020,
	title = {Global change in the functional diversity of marine fisheries exploitation over the past 65 years},
	author = {{Trindade-Santos}, {Isaac} and {Moyes}, {Faye} and {Magurran}, {Anne E.}},
	year = {2020},
	month = {08},
	date = {2020-08-26},
	journal = {Proceedings of the Royal Society B: Biological Sciences},
	pages = {20200889},
	volume = {287},
	number = {1933},
	doi = {10.1098/rspb.2020.0889},
	url = {https://royalsocietypublishing.org/doi/10.1098/rspb.2020.0889},
	note = {Publisher: Royal Society}
}

@article{jarzyna2016,
	title = {A near half-century of temporal change in different facets of avian diversity},
	author = {{Jarzyna}, {Marta A.} and {Jetz}, {Walter}},
	year = {2016},
	month = {11},
	date = {2016-11-17},
	journal = {Global Change Biology},
	pages = {2999--3011},
	volume = {23},
	number = {8},
	doi = {10.1111/gcb.13571},
	url = {https://onlinelibrary.wiley.com/doi/abs/10.1111/gcb.13571},
	langid = {en}
}

@article{barnagaud2017,
	title = {Temporal changes in bird functional diversity across the United States},
	author = {{Barnagaud}, {Jean-Yves} and {Gaüzère}, {Pierre} and {Zuckerberg}, {Benjamin} and {Princé}, {Karine} and {Svenning}, {Jens-Christian}},
	year = {2017},
	month = {12},
	date = {2017-12-01},
	journal = {Oecologia},
	pages = {737--748},
	volume = {185},
	number = {4},
	doi = {10.1007/s00442-017-3967-4},
	url = {https://link.springer.com/article/10.1007/s00442-017-3967-4},
	langid = {en}
}

@article{dornelas2018,
	title = {BioTIME: A database of biodiversity time series for the Anthropocene},
	author = {{Dornelas}, {Maria} and {Antão}, {Laura H.} and {Moyes}, {Faye} and {Bates}, {Amanda E.} and {Magurran}, {Anne E.} and {Adam}, {Du{\v{s}}an} and {Akhmetzhanova}, {Asem A.} and {Appeltans}, {Ward} and {Arcos}, {José Manuel} and {Arnold}, {Haley} and {Ayyappan}, {Narayanan} and {Badihi}, {Gal} and {Baird}, {Andrew H.} and {Barbosa}, {Miguel} and {Barreto}, {Tiago Egydio} and {Bässler}, {Claus} and {Bellgrove}, {Alecia} and {Belmaker}, {Jonathan} and {Benedetti{-}Cecchi}, {Lisandro} and {Bett}, {Brian J.} and {Bjorkman}, {Anne D.} and {B{\l}a{\.{z}}ewicz}, {Magdalena} and {Blowes}, {Shane A.} and {Bloch}, {Christopher P.} and {Bonebrake}, {Timothy C.} and {Boyd}, {Susan} and {Bradford}, {Matt} and {Brooks}, {Andrew J.} and {Brown}, {James H.} and {Bruelheide}, {Helge} and {Budy}, {Phaedra} and {Carvalho}, {Fernando} and {Castañeda{-}Moya}, {Edward} and {Chen}, {Chaolun Allen} and {Chamblee}, {John F.} and {Chase}, {Tory J.} and {Collier}, {Laura Siegwart} and {Collinge}, {Sharon K.} and {Condit}, {Richard} and {Cooper}, {Elisabeth J.} and {Cornelissen}, {J. Hans C.} and {Cotano}, {Unai} and {Crow}, {Shannan Kyle} and {Damasceno}, {Gabriella} and {Davies}, {Claire H.} and {Davis}, {Robert A.} and {Day}, {Frank P.} and {Degraer}, {Steven} and {Doherty}, {Tim S.} and {Dunn}, {Timothy E.} and {Durigan}, {Giselda} and {Duffy}, {J. Emmett} and {Edelist}, {Dor} and {Edgar}, {Graham J.} and {Elahi}, {Robin} and {Elmendorf}, {Sarah C.} and {Enemar}, {Anders} and {Ernest}, {S. K. Morgan} and {Escribano}, {Rubén} and {Estiarte}, {Marc} and {Evans}, {Brian S.} and {Fan}, {Tung-Yung} and {Farah}, {Fabiano Turini} and {Fernandes}, {Luiz Loureiro} and {Farneda}, {Fábio Z.} and {Fidelis}, {Alessandra} and {Fitt}, {Robert} and {Fosaa}, {Anna Maria} and {Franco}, {Geraldo Antonio Daher Correa} and {Frank}, {Grace E.} and {Fraser}, {William R.} and {García}, {Hernando} and {Gatti}, {Roberto Cazzolla} and {Givan}, {Or} and {Gorgone{-}Barbosa}, {Elizabeth} and {Gould}, {William A.} and {Gries}, {Corinna} and {Grossman}, {Gary D.} and {Gutierréz}, {Julio R.} and {Hale}, {Stephen} and {Harmon}, {Mark E.} and {Harte}, {John} and {Haskins}, {Gary} and {Henshaw}, {Donald L.} and {Hermanutz}, {Luise} and {Hidalgo}, {Pamela} and {Higuchi}, {Pedro} and {Hoey}, {Andrew} and {Hoey}, {Gert Van} and {Hofgaard}, {Annika} and {Holeck}, {Kristen} and {Hollister}, {Robert D.} and {Holmes}, {Richard} and {Hoogenboom}, {Mia} and {Hsieh}, {Chih-hao} and {Hubbell}, {Stephen P.} and {Huettmann}, {Falk} and {Huffard}, {Christine L.} and {Hurlbert}, {Allen H.} and {Ivanauskas}, {Natália Macedo} and {Janík}, {David} and {Jandt}, {Ute} and {Ja{\.{z}}d{\.{z}}ewska}, {Anna} and {Johannessen}, {Tore} and {Johnstone}, {Jill} and {Jones}, {Julia} and {Jones}, {Faith A. M.} and {Kang}, {Jungwon} and {Kartawijaya}, {Tasrif} and {Keeley}, {Erin C.} and {Kelt}, {Douglas A.} and {Kinnear}, {Rebecca} and {Klanderud}, {Kari} and {Knutsen}, {Halvor} and {Koenig}, {Christopher C.} and {Kortz}, {Alessandra R.} and {Král}, {Kamil} and {Kuhnz}, {Linda A.} and {Kuo}, {Chao-Yang} and {Kushner}, {David J.} and {Laguionie{-}Marchais}, {Claire} and {Lancaster}, {Lesley T.} and {Lee}, {Cheol Min} and {Lefcheck}, {Jonathan S.} and {Lévesque}, {Esther} and {Lightfoot}, {David} and {Lloret}, {Francisco} and {Lloyd}, {John D.} and {López{-}Baucells}, {Adrià} and {Louzao}, {Maite} and {Madin}, {Joshua S.} and {Magnússon}, {Borgþór} and {Malamud}, {Shahar} and {Matthews}, {Iain} and {McFarland}, {Kent P.} and {McGill}, {Brian} and {McKnight}, {Diane} and {McLarney}, {William O.} and {Meador}, {Jason} and {Meserve}, {Peter L.} and {Metcalfe}, {Daniel J.} and {Meyer}, {Christoph F. J.} and {Michelsen}, {Anders} and {Milchakova}, {Nataliya} and {Moens}, {Tom} and {Moland}, {Even} and {Moore}, {Jon} and {Moreira}, {Carolina Mathias} and {Müller}, {Jörg} and {Murphy}, {Grace} and {Myers{-}Smith}, {Isla H.} and {Myster}, {Randall W.} and {Naumov}, {Andrew} and {Neat}, {Francis} and {Nelson}, {James A.} and {Nelson}, {Michael Paul} and {Newton}, {Stephen F.} and {Norden}, {Natalia} and {Oliver}, {Jeffrey C.} and {Olsen}, {Esben M.} and {Onipchenko}, {Vladimir G.} and {Pabis}, {Krzysztof} and {Pabst}, {Robert J.} and {Paquette}, {Alain} and {Pardede}, {Sinta} and {Paterson}, {David M.} and {Pélissier}, {Raphaël} and {Peñuelas}, {Josep} and {Pérez{-}Matus}, {Alejandro} and {Pizarro}, {Oscar} and {Pomati}, {Francesco} and {Post}, {Eric} and {Prins}, {Herbert H. T.} and {Priscu}, {John C.} and {Provoost}, {Pieter} and {Prudic}, {Kathleen L.} and {Pulliainen}, {Erkki} and {Ramesh}, {B. R.} and {Ramos}, {Olivia Mendivil} and {Rassweiler}, {Andrew} and {Rebelo}, {Jose Eduardo} and {Reed}, {Daniel C.} and {Reich}, {Peter B.} and {Remillard}, {Suzanne M.} and {Richardson}, {Anthony J.} and {Richardson}, {J. Paul} and {Rijn}, {Itai van} and {Rocha}, {Ricardo} and {Rivera{-}Monroy}, {Victor H.} and {Rixen}, {Christian} and {Robinson}, {Kevin P.} and {Rodrigues}, {Ricardo Ribeiro} and {Rossa{-}Feres}, {Denise de Cerqueira} and {Rudstam}, {Lars} and {Ruhl}, {Henry} and {Ruz}, {Catalina S.} and {Sampaio}, {Erica M.} and {Rybicki}, {Nancy} and {Rypel}, {Andrew} and {Sal}, {Sofia} and {Salgado}, {Beatriz} and {Santos}, {Flavio A. M.} and {Savassi{-}Coutinho}, {Ana Paula} and {Scanga}, {Sara} and {Schmidt}, {Jochen} and {Schooley}, {Robert} and {Setiawan}, {Fakhrizal} and {Shao}, {Kwang-Tsao} and {Shaver}, {Gaius R.} and {Sherman}, {Sally} and {Sherry}, {Thomas W.} and {Sici{\'{n}}ski}, {Jacek} and {Sievers}, {Caya} and {Silva}, {Ana Carolina da} and {Silva}, {Fernando Rodrigues da} and {Silveira}, {Fabio L.} and {Slingsby}, {Jasper} and {Smart}, {Tracey} and {Snell}, {Sara J.} and {Soudzilovskaia}, {Nadejda A.} and {Souza}, {Gabriel B. G.} and {Souza}, {Flaviana Maluf} and {Souza}, {Vinícius Castro} and {Stallings}, {Christopher D.} and {Stanforth}, {Rowan} and {Stanley}, {Emily H.} and {Sterza}, {José Mauro} and {Stevens}, {Maarten} and {Stuart{-}Smith}, {Rick} and {Suarez}, {Yzel Rondon} and {Supp}, {Sarah} and {Tamashiro}, {Jorge Yoshio} and {Tarigan}, {Sukmaraharja} and {Thiede}, {Gary P.} and {Thorn}, {Simon} and {Tolvanen}, {Anne} and {Toniato}, {Maria Teresa Zugliani} and {Totland}, {Ørjan} and {Twilley}, {Robert R.} and {Vaitkus}, {Gediminas} and {Valdivia}, {Nelson} and {Vallejo}, {Martha Isabel} and {Valone}, {Thomas J.} and {Colen}, {Carl Van} and {Vanaverbeke}, {Jan} and {Venturoli}, {Fabio} and {Verheye}, {Hans M.} and {Vianna}, {Marcelo} and {Vieira}, {Rui P.} and {Vr{\v{s}}ka}, {Tomá{\v{s}}} and {Vu}, {Con Quang} and {Vu}, {Lien Van} and {Waide}, {Robert B.} and {Waldock}, {Conor} and {Watts}, {Dave} and {Webb}, {Sara} and {Weso{\l}owski}, {Tomasz} and {White}, {Ethan P.} and {Widdicombe}, {Claire E.} and {Wilgers}, {Dustin} and {Williams}, {Richard} and {Williams}, {Stefan B.} and {Williamson}, {Mark} and {Willig}, {Michael R.} and {Willis}, {Trevor J.} and {Wipf}, {Sonja} and {Woods}, {Kerry D.} and {Woehler}, {Eric J.} and {Zawada}, {Kyle} and {Zettler}, {Michael L.}},
	year = {2018},
	date = {2018},
	journal = {Global Ecology and Biogeography},
	pages = {760--786},
	volume = {27},
	number = {7},
	doi = {10.1111/geb.12729},
	url = {https://onlinelibrary.wiley.com/doi/abs/10.1111/geb.12729},
	note = {{\_}eprint: https://onlinelibrary.wiley.com/doi/pdf/10.1111/geb.12729},
	langid = {en}
}

@article{norman2020,
	title = {taxadb: A high-performance local taxonomic database interface},
	author = {{Norman}, {Kari E. A.} and {Chamberlain}, {Scott} and {Boettiger}, {Carl}},
	year = {2020},
	date = {2020},
	journal = {Methods in Ecology and Evolution},
	pages = {1153--1159},
	volume = {11},
	number = {9},
	doi = {10.1111/2041-210X.13440},
	url = {https://besjournals.onlinelibrary.wiley.com/doi/abs/10.1111/2041-210X.13440},
	note = {{\_}eprint: https://besjournals.onlinelibrary.wiley.com/doi/pdf/10.1111/2041-210X.13440},
	langid = {en}
}

@article{leps2006,
	title = {Quantifying and interpreting functional diversity of natural communities: Practical considerations matter},
	author = {{Leps}, {Jan} and {Bello}, {Francesco} and {Lavorel}, {Sandra} and {Berman}, {Sandra}},
	year = {2006},
	month = {11},
	date = {2006-11},
	journal = {Preslia},
	pages = {481--501},
	volume = {78}
}

@article{schleuter2010,
	title = {A user's guide to functional diversity indices},
	author = {{Schleuter}, {D.} and {Daufresne}, {M.} and {Massol}, {F.} and {Argillier}, {C.}},
	year = {2010},
	month = {08},
	date = {2010-08-01},
	journal = {Ecological Monographs},
	pages = {469--484},
	volume = {80},
	number = {3},
	doi = {10.1890/08-2225.1},
	url = {http://onlinelibrary.wiley.com/doi/10.1890/08-2225.1/abstract},
	langid = {en}
}

@article{cadotte2011,
	title = {Beyond species: functional diversity and the maintenance of ecological processes and services},
	author = {{Cadotte}, {Marc W.} and {Carscadden}, {Kelly} and {Mirotchnick}, {Nicholas}},
	year = {2011},
	month = {10},
	date = {2011-10-01},
	journal = {Journal of Applied Ecology},
	pages = {1079--1087},
	volume = {48},
	number = {5},
	doi = {10.1111/j.1365-2664.2011.02048.x},
	url = {http://onlinelibrary.wiley.com/doi/10.1111/j.1365-2664.2011.02048.x/abstract},
	langid = {en}
}

@article{gagic2015,
	title = {Functional identity and diversity of animals predict ecosystem functioning better than species-based indices},
	author = {{Gagic}, {Vesna} and {Bartomeus}, {Ignasi} and {Jonsson}, {Tomas} and {Taylor}, {Astrid} and {Winqvist}, {Camilla} and {Fischer}, {Christina} and {Slade}, {Eleanor M.} and {Steffan-Dewenter}, {Ingolf} and {Emmerson}, {Mark} and {Potts}, {Simon G.} and {Tscharntke}, {Teja} and {Weisser}, {Wolfgang} and {Bommarco}, {Riccardo}},
	year = {2015},
	month = {02},
	date = {2015-02-22},
	journal = {Proceedings of the Royal Society B: Biological Sciences},
	pages = {20142620},
	volume = {282},
	number = {1801},
	doi = {10.1098/rspb.2014.2620},
	url = {https://royalsocietypublishing.org/doi/full/10.1098/rspb.2014.2620},
	note = {Publisher: Royal Society}
}

@article{violle2014,
	title = {The emergence and promise of functional biogeography},
	author = {{Violle}, {Cyrille} and {Reich}, {Peter B.} and {Pacala}, {Stephen W.} and {Enquist}, {Brian J.} and {Kattge}, {Jens}},
	year = {2014},
	month = {09},
	date = {2014-09-23},
	journal = {Proceedings of the National Academy of Sciences},
	pages = {13690--13696},
	volume = {111},
	number = {38},
	doi = {10.1073/pnas.1415442111},
	url = {https://www.pnas.org/content/111/38/13690},
	note = {Publisher: National Academy of Sciences
Section: Introduction
PMID: 25225414},
	langid = {en}
}

@article{craven2018,
	title = {Multiple facets of biodiversity drive the diversity{\textendash}stability relationship},
	author = {{Craven}, {Dylan} and {Eisenhauer}, {Nico} and {Pearse}, {William D.} and {Hautier}, {Yann} and {Isbell}, {Forest} and {Roscher}, {Christiane} and {Bahn}, {Michael} and {Beierkuhnlein}, {Carl} and {Bönisch}, {Gerhard} and {Buchmann}, {Nina} and {Byun}, {Chaeho} and {Catford}, {Jane A.} and {Cerabolini}, {Bruno E. L.} and {Cornelissen}, {J. Hans C.} and {Craine}, {Joseph M.} and {Luca}, {Enrica De} and {Ebeling}, {Anne} and {Griffin}, {John N.} and {Hector}, {Andy} and {Hines}, {Jes} and {Jentsch}, {Anke} and {Kattge}, {Jens} and {Kreyling}, {Jürgen} and {Lanta}, {Vojtech} and {Lemoine}, {Nathan} and {Meyer}, {Sebastian T.} and {Minden}, {Vanessa} and {Onipchenko}, {Vladimir} and {Polley}, {H. Wayne} and {Reich}, {Peter B.} and {Ruijven}, {Jasper van} and {Schamp}, {Brandon} and {Smith}, {Melinda D.} and {Soudzilovskaia}, {Nadejda A.} and {Tilman}, {David} and {Weigelt}, {Alexandra} and {Wilsey}, {Brian} and {Manning}, {Peter}},
	year = {2018},
	month = {08},
	date = {2018-08-27},
	journal = {Nature Ecology & Evolution},
	pages = {1},
	doi = {10.1038/s41559-018-0647-7},
	url = {https://www.nature.com/articles/s41559-018-0647-7},
	langid = {en}
}

@article{morin2014,
	title = {Temporal stability in forest productivity increases with tree diversity due to asynchrony in species dynamics},
	author = {{Morin}, {Xavier} and {Fahse}, {Lorenz} and {Mazancourt}, {Claire de} and {Scherer{-}Lorenzen}, {Michael} and {Bugmann}, {Harald}},
	year = {2014},
	date = {2014},
	journal = {Ecology Letters},
	pages = {1526--1535},
	volume = {17},
	number = {12},
	doi = {10.1111/ele.12357},
	url = {https://onlinelibrary.wiley.com/doi/abs/10.1111/ele.12357},
	note = {{\_}eprint: https://onlinelibrary.wiley.com/doi/pdf/10.1111/ele.12357},
	langid = {en}
}

@article{weiher2011,
	title = {Advances, challenges and a developing synthesis of ecological community assembly theory},
	author = {{Weiher}, {Evan} and {Freund}, {Deborah} and {Bunton}, {Tyler} and {Stefanski}, {Artur} and {Lee}, {Tali} and {Bentivenga}, {Stephen}},
	year = {2011},
	month = {08},
	date = {2011-08-27},
	journal = {Philosophical Transactions of the Royal Society B: Biological Sciences},
	pages = {2403--2413},
	volume = {366},
	number = {1576},
	doi = {10.1098/rstb.2011.0056},
	url = {https://royalsocietypublishing.org/doi/full/10.1098/rstb.2011.0056},
	note = {Publisher: Royal Society}
}

@article{barnosky2011,
	title = {Has the Earth{\textquoteright}s sixth mass extinction already arrived?},
	author = {{Barnosky}, {Anthony D.} and {Matzke}, {Nicholas} and {Tomiya}, {Susumu} and {Wogan}, {Guinevere O. U.} and {Swartz}, {Brian} and {Quental}, {Tiago B.} and {Marshall}, {Charles} and {McGuire}, {Jenny L.} and {Lindsey}, {Emily L.} and {Maguire}, {Kaitlin C.} and {Mersey}, {Ben} and {Ferrer}, {Elizabeth A.}},
	year = {2011},
	month = {03},
	date = {2011-03},
	journal = {Nature},
	pages = {51--57},
	volume = {471},
	number = {7336},
	doi = {10.1038/nature09678},
	url = {https://www.nature.com/articles/nature09678},
	note = {Number: 7336
Publisher: Nature Publishing Group},
	langid = {en}
}

@article{swenson2012,
	title = {The biogeography and filtering of woody plant functional diversity in North and South America},
	author = {{Swenson}, {Nathan G.} and {Enquist}, {Brian J.} and {Pither}, {Jason} and {Kerkhoff}, {Andrew J.} and {Boyle}, {Brad} and {Weiser}, {Michael D.} and {Elser}, {James J.} and {Fagan}, {William F.} and {Forero{-}Montaña}, {Jimena} and {Fyllas}, {Nikolaos} and {Kraft}, {Nathan J. B.} and {Lake}, {Jeffrey K.} and {Moles}, {Angela T.} and {Patiño}, {Sandra} and {Phillips}, {Oliver L.} and {Price}, {Charles A.} and {Reich}, {Peter B.} and {Quesada}, {Carlos A.} and {Stegen}, {James C.} and {Valencia}, {Renato} and {Wright}, {Ian J.} and {Wright}, {S. Joseph} and {Andelman}, {Sandy} and {Jørgensen}, {Peter M.} and {Jr}, {Thomas E. Lacher} and {Monteagudo}, {Abel} and {Núñez{-}Vargas}, {M. Percy} and {Vasquez{-}Martínez}, {Rodolfo} and {Nolting}, {Kristen M.}},
	year = {2012},
	date = {2012},
	journal = {Global Ecology and Biogeography},
	pages = {798--808},
	volume = {21},
	number = {8},
	doi = {10.1111/j.1466-8238.2011.00727.x},
	url = {https://onlinelibrary.wiley.com/doi/abs/10.1111/j.1466-8238.2011.00727.x},
	note = {{\_}eprint: https://onlinelibrary.wiley.com/doi/pdf/10.1111/j.1466-8238.2011.00727.x},
	langid = {en}
}

@article{mason2005,
	title = {Functional Richness, Functional Evenness and Functional Divergence: The Primary Components of Functional Diversity},
	author = {{Mason}, {Norman W. H.} and {Mouillot}, {David} and {Lee}, {William G.} and {Wilson}, {J. Bastow} and {Setälä}, {Heikki}},
	year = {2005},
	date = {2005},
	journal = {Oikos},
	pages = {112--118},
	volume = {111},
	number = {1},
	url = {http://www.jstor.org/stable/3548774},
	note = {Publisher: [Nordic Society Oikos, Wiley]}
}

@article{biswas2011,
	title = {Species diversity and functional diversity relationship varies with disturbance intensity},
	author = {{Biswas}, {Shekhar R.} and {Mallik}, {Azim U.}},
	year = {2011},
	date = {2011},
	journal = {Ecosphere},
	pages = {art52},
	volume = {2},
	number = {4},
	doi = {https://doi.org/10.1890/ES10-00206.1},
	url = {https://esajournals.onlinelibrary.wiley.com/doi/abs/10.1890/ES10-00206.1},
	note = {{\_}eprint: https://esajournals.onlinelibrary.wiley.com/doi/pdf/10.1890/ES10-00206.1},
	langid = {en}
}

@article{magurran2019,
	title = {Temporal ? diversity{\textemdash}A macroecological perspective},
	author = {{Magurran}, {Anne E.} and {Dornelas}, {Maria} and {Moyes}, {Faye} and {Henderson}, {Peter A.}},
	year = {2019},
	date = {2019},
	journal = {Global Ecology and Biogeography},
	pages = {1949--1960},
	volume = {28},
	number = {12},
	doi = {10.1111/geb.13026},
	url = {https://onlinelibrary.wiley.com/doi/abs/10.1111/geb.13026},
	note = {{\_}eprint: https://onlinelibrary.wiley.com/doi/pdf/10.1111/geb.13026},
	langid = {en}
}

@article{magurran2018,
	title = {Divergent biodiversity change within ecosystems},
	author = {{Magurran}, {Anne E.} and {Deacon}, {Amy E.} and {Moyes}, {Faye} and {Shimadzu}, {Hideyasu} and {Dornelas}, {Maria} and {Phillip}, {Dawn A. T.} and {Ramnarine}, {Indar W.}},
	year = {2018},
	month = {02},
	date = {2018-02-07},
	journal = {Proceedings of the National Academy of Sciences},
	pages = {201712594},
	doi = {10.1073/pnas.1712594115},
	url = {http://www.pnas.org/content/early/2018/02/06/1712594115},
	note = {PMID: 29440416},
	langid = {en}
}

@article{gonzalez2016,
	title = {Estimating local biodiversity change: a critique of papers claiming no net loss of local diversity},
	author = {{Gonzalez}, {Andrew} and {Cardinale}, {Bradley J.} and {Allington}, {Ginger R. H.} and {Byrnes}, {Jarrett} and {Endsley}, {K. Arthur} and {Brown}, {Daniel G.} and {Hooper}, {David U.} and {Isbell}, {Forest} and {O'Connor}, {Mary I.} and {Loreau}, {Michel}},
	year = {2016},
	date = {2016},
	journal = {Ecology},
	pages = {1949--1960},
	volume = {97},
	number = {8},
	doi = {10.1890/15-1759.1},
	url = {https://esajournals.onlinelibrary.wiley.com/doi/abs/10.1890/15-1759.1},
	note = {{\_}eprint: https://esajournals.onlinelibrary.wiley.com/doi/pdf/10.1890/15-1759.1},
	langid = {en}
}

@article{desroches2018,
	title = {The ecological importance of intraspecific variation},
	author = {{Des Roches}, {Simone} and {Post}, {David M.} and {Turley}, {Nash E.} and {Bailey}, {Joseph K.} and {Hendry}, {Andrew P.} and {Kinnison}, {Michael T.} and {Schweitzer}, {Jennifer A.} and {Palkovacs}, {Eric P.}},
	year = {2018},
	month = {01},
	date = {2018-01},
	journal = {Nature Ecology & Evolution},
	pages = {57--64},
	volume = {2},
	number = {1},
	doi = {10.1038/s41559-017-0402-5},
	url = {http://www.nature.com/articles/s41559-017-0402-5},
	langid = {en}
}

@article{osullivan2021,
	title = {Intrinsic ecological dynamics drive biodiversity turnover in model metacommunities},
	author = {{O{\textquoteright}Sullivan}, {Jacob D.} and {Terry}, {J. Christopher D.} and {Rossberg}, {Axel G.}},
	year = {2021},
	month = {06},
	date = {2021-06-15},
	journal = {Nature Communications},
	pages = {3627},
	volume = {12},
	number = {1},
	doi = {10.1038/s41467-021-23769-7},
	url = {https://www.nature.com/articles/s41467-021-23769-7},
	note = {Bandiera{\_}abtest: a
Cc{\_}license{\_}type: cc{\_}by
Cg{\_}type: Nature Research Journals
Number: 1
Primary{\_}atype: Research
Publisher: Nature Publishing Group
Subject{\_}term: Community ecology;Ecological modelling
Subject{\_}term{\_}id: community-ecology;ecological-modelling},
	langid = {en}
}

@article{violle2012,
	title = {The return of the variance: intraspecific variability in community ecology},
	author = {{Violle}, {Cyrille} and {Enquist}, {Brian J.} and {McGill}, {Brian J.} and {Jiang}, {Lin} and {Albert}, {Cécile H.} and {Hulshof}, {Catherine} and {Jung}, {Vincent} and {Messier}, {Julie}},
	year = {2012},
	month = {04},
	date = {2012-04-01},
	journal = {Trends in Ecology & Evolution},
	pages = {244--252},
	volume = {27},
	number = {4},
	doi = {10.1016/j.tree.2011.11.014},
	url = {http://www.sciencedirect.com/science/article/pii/S0169534711003375}
}

@article{gallagher2013,
	title = {Species loss and gain in communities under future climate change: consequences for functional diversity},
	author = {{Gallagher}, {Rachael V.} and {Hughes}, {Lesley} and {Leishman}, {Michelle R.}},
	year = {2013},
	date = {2013},
	journal = {Ecography},
	pages = {531--540},
	volume = {36},
	number = {5},
	doi = {10.1111/j.1600-0587.2012.07514.x},
	url = {https://onlinelibrary.wiley.com/doi/abs/10.1111/j.1600-0587.2012.07514.x},
	note = {{\_}eprint: https://onlinelibrary.wiley.com/doi/pdf/10.1111/j.1600-0587.2012.07514.x},
	langid = {en}
}

@article{petchey2002,
	title = {Extinction and the loss of functional diversity},
	author = {{Petchey}, {Owen L.} and {Gaston}, {Kevin J.}},
	year = {2002},
	month = {08},
	date = {2002-08-22},
	journal = {Proceedings of the Royal Society of London. Series B: Biological Sciences},
	pages = {1721--1727},
	volume = {269},
	number = {1501},
	doi = {10.1098/rspb.2002.2073},
	url = {https://royalsocietypublishing.org/doi/10.1098/rspb.2002.2073},
	note = {Publisher: Royal Society}
}

@article{pimiento2020,
	title = {Functional diversity of marine megafauna in the Anthropocene},
	author = {{Pimiento}, {C.} and {Leprieur}, {F.} and {Silvestro}, {D.} and {Lefcheck}, {J. S.} and {Albouy}, {C.} and {Rasher}, {D. B.} and {Davis}, {M.} and {Svenning}, {J.-C.} and {Griffin}, {J. N.}},
	year = {2020},
	month = {04},
	date = {2020-04-01},
	journal = {Science Advances},
	pages = {eaay7650},
	volume = {6},
	number = {16},
	doi = {10.1126/sciadv.aay7650},
	url = {https://advances.sciencemag.org/content/6/16/eaay7650},
	note = {Publisher: American Association for the Advancement of Science
Section: Research Article},
	langid = {en}
}

@article{matuoka2020,
	title = {Effects of anthropogenic disturbances on bird functional diversity: A global meta-analysis},
	author = {{Matuoka}, {Maísa Assano} and {Benchimol}, {Maíra} and {Almeida-Rocha}, {Juliana Monteiro de} and {Morante-Filho}, {José Carlos}},
	year = {2020},
	month = {09},
	date = {2020-09-01},
	journal = {Ecological Indicators},
	pages = {106471},
	volume = {116},
	doi = {10.1016/j.ecolind.2020.106471},
	url = {https://www.sciencedirect.com/science/article/pii/S1470160X20304088},
	langid = {en}
}

@article{flynn2009,
	title = {Loss of functional diversity under land use intensification across multiple taxa},
	author = {{Flynn}, {Dan F. B.} and {Gogol-Prokurat}, {Melanie} and {Nogeire}, {Theresa} and {Molinari}, {Nicole} and {Richers}, {Bárbara Trautman} and {Lin}, {Brenda B.} and {Simpson}, {Nicholas} and {Mayfield}, {Margaret M.} and {DeClerck}, {Fabrice}},
	year = {2009},
	date = {2009},
	journal = {Ecology Letters},
	pages = {22--33},
	volume = {12},
	number = {1},
	doi = {10.1111/j.1461-0248.2008.01255.x},
	url = {https://onlinelibrary.wiley.com/doi/abs/10.1111/j.1461-0248.2008.01255.x},
	note = {{\_}eprint: https://onlinelibrary.wiley.com/doi/pdf/10.1111/j.1461-0248.2008.01255.x},
	langid = {en}
}

@article{daz2001,
	title = {Vive la différence: plant functional diversity matters to ecosystem processes},
	author = {{D{\i}\'az}, {Sandra} and {Cabido}, {Marcelo}},
	year = {2001},
	month = {11},
	date = {2001-11-01},
	journal = {Trends in Ecology & Evolution},
	pages = {646--655},
	volume = {16},
	number = {11},
	doi = {10.1016/S0169-5347(01)02283-2},
	url = {http://www.sciencedirect.com/science/article/pii/S0169534701022832}
}

@article{hillebrand2009,
	title = {Biodiversity in a complex world: consolidation and progress in functional biodiversity research: Consolidation and progress in BDEF research},
	author = {{Hillebrand}, {Helmut} and {Matthiessen}, {Birte}},
	year = {2009},
	month = {12},
	date = {2009-12},
	journal = {Ecology Letters},
	pages = {1405--1419},
	volume = {12},
	number = {12},
	doi = {10.1111/j.1461-0248.2009.01388.x},
	url = {https://onlinelibrary.wiley.com/doi/10.1111/j.1461-0248.2009.01388.x},
	langid = {en}
}

@article{cardinale2012,
	title = {Biodiversity loss and its impact on humanity},
	author = {{Cardinale}, {Bradley J.} and {Duffy}, {J. Emmett} and {Gonzalez}, {Andrew} and {Hooper}, {David U.} and {Perrings}, {Charles} and {Venail}, {Patrick} and {Narwani}, {Anita} and {Mace}, {Georgina M.} and {Tilman}, {David} and {Wardle}, {David A.} and {Kinzig}, {Ann P.} and {Daily}, {Gretchen C.} and {Loreau}, {Michel} and {Grace}, {James B.} and {Larigauderie}, {Anne} and {Srivastava}, {Diane S.} and {Naeem}, {Shahid}},
	year = {2012},
	month = {06},
	date = {2012-06-06},
	journal = {Nature},
	pages = {59--67},
	volume = {486},
	number = {7401},
	doi = {10.1038/nature11148},
	url = {http://www.nature.com/doifinder/10.1038/nature11148}
}

@article{dirzo2014,
	title = {Defaunation in the Anthropocene},
	author = {{Dirzo}, {Rodolfo} and {Young}, {Hillary S.} and {Galetti}, {Mauro} and {Ceballos}, {Gerardo} and {Isaac}, {Nick J. B.} and {Collen}, {Ben}},
	year = {2014},
	month = {07},
	date = {2014-07-25},
	journal = {Science},
	pages = {401--406},
	volume = {345},
	number = {6195},
	doi = {10.1126/science.1251817},
	url = {https://science.sciencemag.org/content/345/6195/401},
	note = {Publisher: American Association for the Advancement of Science
Section: Review
PMID: 25061202},
	langid = {en}
}

@article{young2016,
	title = {Patterns, Causes, and Consequences of Anthropocene Defaunation},
	author = {{Young}, {Hillary S.} and {McCauley}, {Douglas J.} and {Galetti}, {Mauro} and {Dirzo}, {Rodolfo}},
	year = {2016},
	date = {2016},
	journal = {Annual Review of Ecology, Evolution, and Systematics},
	pages = {333--358},
	volume = {47},
	number = {1},
	doi = {10.1146/annurev-ecolsys-112414-054142},
	url = {https://doi.org/10.1146/annurev-ecolsys-112414-054142},
	note = {{\_}eprint: https://doi.org/10.1146/annurev-ecolsys-112414-054142}
}

@article{edwards2013,
	title = {Impacts of logging and conversion of rainforest to oil palm on the functional diversity of birds in Sundaland},
	author = {{Edwards}, {Felicity A.} and {Edwards}, {David P.} and {Hamer}, {Keith C.} and {Davies}, {Richard G.}},
	year = {2013},
	date = {2013},
	journal = {Ibis},
	pages = {313--326},
	volume = {155},
	number = {2},
	doi = {10.1111/ibi.12027},
	url = {https://onlinelibrary.wiley.com/doi/abs/10.1111/ibi.12027},
	note = {{\_}eprint: https://onlinelibrary.wiley.com/doi/pdf/10.1111/ibi.12027},
	langid = {en}
}

@article{hughes2021,
	title = {Sampling biases shape our view of the natural world},
	author = {{Hughes}, {Alice C.} and {Orr}, {Michael C.} and {Ma}, {Keping} and {Costello}, {Mark J.} and {Waller}, {John} and {Provoost}, {Pieter} and {Yang}, {Qinmin} and {Zhu}, {Chaodong} and {Qiao}, {Huijie}},
	year = {2021},
	date = {2021},
	journal = {Ecography},
	pages = {1259--1269},
	volume = {44},
	number = {9},
	doi = {10.1111/ecog.05926},
	url = {https://onlinelibrary.wiley.com/doi/abs/10.1111/ecog.05926},
	note = {{\_}eprint: https://onlinelibrary.wiley.com/doi/pdf/10.1111/ecog.05926},
	langid = {en}
}

@article{jackson2015,
	title = {Community ecology in a changing environment: Perspectives from the Quaternary},
	author = {{Jackson}, {Stephen T.} and {Blois}, {Jessica L.}},
	year = {2015},
	month = {04},
	date = {2015-04-21},
	journal = {Proceedings of the National Academy of Sciences},
	pages = {4915--4921},
	volume = {112},
	number = {16},
	doi = {10.1073/pnas.1403664111},
	url = {https://www.pnas.org/content/112/16/4915},
	note = {Publisher: National Academy of Sciences
Section: Perspective
PMID: 25901314},
	langid = {en}
}

@article{barnosky2004,
	title = {Exceptional record of mid-Pleistocene vertebrates helps differentiate climatic from anthropogenic ecosystem perturbations},
	author = {{Barnosky}, {Anthony D.} and {Bell}, {Christopher J.} and {Emslie}, {Steven D.} and {Goodwin}, {H. Thomas} and {Mead}, {Jim I.} and {Repenning}, {Charles A.} and {Scott}, {Eric} and {Shabel}, {Alan B.}},
	year = {2004},
	month = {06},
	date = {2004-06-22},
	journal = {Proceedings of the National Academy of Sciences},
	pages = {9297--9302},
	volume = {101},
	number = {25},
	doi = {10.1073/pnas.0402592101},
	url = {https://www.pnas.org/content/101/25/9297},
	note = {Publisher: National Academy of Sciences
Section: Biological Sciences
PMID: 15197254},
	langid = {en}
}

@article{pardieck2020,
	title = {North American Breeding Bird Survey Dataset 1966 - 2019, version 2019.0},
	author = {{Pardieck}, {Keith L} and {David}, {Ziolkowski Jr} and {Lutmerding}, {Michael} and {Aponte}, {Veronica} and {Hudson}, {Marie-Anne R.}},
	year = {2020},
	date = {2020},
	doi = {10.5066/P9J6QUF6},
	url = {https://www.sciencebase.gov/catalog/item/5ea04e9a82cefae35a129d65},
	note = {Type: dataset
DOI: 10.5066/P9J6QUF6}
}

@article{rosenberg2019,
	title = {Decline of the North American avifauna},
	author = {{Rosenberg}, {Kenneth V.} and {Dokter}, {Adriaan M.} and {Blancher}, {Peter J.} and {Sauer}, {John R.} and {Smith}, {Adam C.} and {Smith}, {Paul A.} and {Stanton}, {Jessica C.} and {Panjabi}, {Arvind} and {Helft}, {Laura} and {Parr}, {Michael} and {Marra}, {Peter P.}},
	year = {2019},
	month = {10},
	date = {2019-10-04},
	journal = {Science},
	url = {https://www.science.org/doi/abs/10.1126/science.aaw1313},
	note = {Publisher: American Association for the Advancement of Science},
	langid = {EN}
}

@article{sauer2017,
	title = {The first 50 years of the North American Breeding Bird Survey},
	author = {{Sauer}, {John R.} and {Pardieck}, {Keith L.} and {Ziolkowski}, {David J., Jr.} and {Smith}, {Adam C.} and {Hudson}, {Marie-Anne R.} and {Rodriguez}, {Vicente} and {Berlanga}, {Humberto} and {Niven}, {Daniel K.} and {Link}, {William A.}},
	year = {2017},
	month = {08},
	date = {2017-08-01},
	journal = {The Condor},
	pages = {576--593},
	volume = {119},
	number = {3},
	doi = {10.1650/CONDOR-17-83.1},
	url = {https://doi.org/10.1650/CONDOR-17-83.1}
}


@article{blonder2018,
	title = {Hypervolume concepts in niche- and trait-based ecology},
	author = {{Blonder}, {Benjamin}},
	year = {2018},
	date = {2018},
	journal = {Ecography},
	pages = {1441--1455},
	volume = {41},
	number = {9},
	doi = {10.1111/ecog.03187},
	url = {https://onlinelibrary.wiley.com/doi/abs/10.1111/ecog.03187},
	note = {{\_}eprint: https://onlinelibrary.wiley.com/doi/pdf/10.1111/ecog.03187},
	langid = {en}
}

@article{junker2016,
	title = {Dynamic range boxes {\textendash} a robust nonparametric approach to quantify size and overlap of n-dimensional hypervolumes},
	author = {{Junker}, {Robert R.} and {Kuppler}, {Jonas} and {Bathke}, {Arne C.} and {Schreyer}, {Manuela L.} and {Trutschnig}, {Wolfgang}},
	year = {2016},
	date = {2016},
	journal = {Methods in Ecology and Evolution},
	pages = {1503--1513},
	volume = {7},
	number = {12},
	doi = {10.1111/2041-210X.12611},
	url = {https://besjournals.onlinelibrary.wiley.com/doi/abs/10.1111/2041-210X.12611},
	note = {{\_}eprint: https://besjournals.onlinelibrary.wiley.com/doi/pdf/10.1111/2041-210X.12611},
	langid = {en}
}

@article{barros2016,
	title = {N-dimensional hypervolumes to study stability of complex ecosystems},
	author = {{Barros}, {Ceres} and {Thuiller}, {Wilfried} and {Georges}, {Damien} and {Boulangeat}, {Isabelle} and {Münkemüller}, {Tamara}},
	year = {2016},
	date = {2016},
	journal = {Ecology Letters},
	pages = {729--742},
	volume = {19},
	number = {7},
	doi = {10.1111/ele.12617},
	url = {https://onlinelibrary.wiley.com/doi/abs/10.1111/ele.12617},
	note = {{\_}eprint: https://onlinelibrary.wiley.com/doi/pdf/10.1111/ele.12617},
	langid = {en}
}

@article{mammola2019,
	title = {Assessing similarity of n-dimensional hypervolumes: Which metric to use?},
	author = {{Mammola}, {Stefano}},
	year = {2019},
	date = {2019},
	journal = {Journal of Biogeography},
	pages = {2012--2023},
	volume = {46},
	number = {9},
	doi = {10.1111/jbi.13618},
	url = {https://onlinelibrary.wiley.com/doi/abs/10.1111/jbi.13618},
	note = {{\_}eprint: https://onlinelibrary.wiley.com/doi/pdf/10.1111/jbi.13618},
	langid = {en}
}

@article{laliberté2010,
	title = {A distance-based framework for measuring functional diversity from multiple traits},
	author = {{Laliberté}, {Etienne} and {Legendre}, {Pierre}},
	year = {2010},
	date = {2010},
	journal = {Ecology},
	pages = {299--305},
	volume = {91},
	number = {1},
	doi = {10.1890/08-2244.1},
	url = {https://esajournals.onlinelibrary.wiley.com/doi/abs/10.1890/08-2244.1},
	note = {{\_}eprint: https://esajournals.onlinelibrary.wiley.com/doi/pdf/10.1890/08-2244.1},
	langid = {en}
}
